<?xml version="1.0" encoding="UTF-8"?><collection xmlns="http://www.loc.gov/MARC21/slim"><record><leader>00387nam--2200133-i-4500</leader><controlfield tag="001">000042580</controlfield><controlfield tag="002">20161230</controlfield><controlfield tag="005">20161230201043</controlfield><controlfield tag="008">060222s1000------------r-----000-0-eng-d</controlfield><datafield ind1=" " ind2=" " tag="245"><subfield code="a">Stabilization of free radicals at low temperatures. summary of the nbs program</subfield></datafield><datafield ind1=" " ind2=" " tag="260"><subfield code="a">Washington, Nbs, 1960. Iii + 110 P</subfield></datafield><datafield ind1=" " ind2=" " tag="490"><subfield code="a">Nbs Monograph</subfield></datafield><datafield ind1=" " ind2=" " tag="700"><subfield code="a">A.M.Bass And H.P.Broida</subfield></datafield><datafield ind1=" " ind2=" " tag="852"><subfield code="a">16713</subfield></datafield></record></collection>